<?xml version="1.0" encoding="UTF-8"?><collection xmlns="http://www.loc.gov/MARC21/slim"><record><leader>00505nam--2200193-i-4500</leader><controlfield tag="001">000040638</controlfield><controlfield tag="002">20161230</controlfield><controlfield tag="005">20161230201042</controlfield><controlfield tag="008">060222s1000------------r-----000-0-ger-d</controlfield><datafield ind1=" " ind2=" " tag="040"><subfield code="a">IFIN-HH</subfield></datafield><datafield ind1=" " ind2=" " tag="041"><subfield code="a">ger</subfield></datafield><datafield ind1=" " ind2=" " tag="080"><subfield code="a">534-8</subfield></datafield><datafield ind1="1" ind2=" " tag="100"><subfield code="a">Scholz,Wolfgang</subfield></datafield><datafield ind1="1" ind2="0" tag="245"><subfield code="a">Ultraschall</subfield><subfield code="b">Kleine Wellen - Grosse Wirkungen</subfield><subfield code="c">Wolfgang scholz</subfield></datafield><datafield ind1=" " ind2=" " tag="260"><subfield code="a">Leipzig, Veb Fachbuchverlag, 1961</subfield></datafield><datafield ind1=" " ind2=" " tag="300"><subfield code="a">174 P</subfield></datafield><datafield ind1=" " ind2=" " tag="490"><subfield code="a">Polytechnische Bibliothek</subfield></datafield><datafield ind1=" " ind2=" " tag="852"><subfield code="a">76686</subfield><subfield code="c">534</subfield></datafield><datafield ind1=" " ind2=" " tag="CAT"><subfield code="a">Sys</subfield><subfield code="c">20101013</subfield><subfield code="h">122117</subfield></datafield></record></collection>